@article{ref:McKenney17,
  author    = {Paul E. McKenney},
  title     = {Is Parallel Programming Hard, And, If So, What Can You Do About It? (v2017.01.02a)},
  journal   = {CoRR},
  volume    = {abs/1701.00854},
  year      = {2017}
}

@article{ref:Sewell10,
author = {Sewell, Peter and Sarkar, Susmit and Owens, Scott and Nardelli, Francesco Zappa and Myreen, Magnus O.},
title = {X86-TSO: A Rigorous and Usable Programmer’s Model for X86 Multiprocessors},
year = {2010},
issue_date = {July 2010},
publisher = {Association for Computing Machinery},
address = {New York, NY, USA},
volume = {53},
number = {7},
issn = {0001-0782},
url = {https://doi.org/10.1145/1785414.1785443},
doi = {10.1145/1785414.1785443},
journal = {Commun. ACM},
month = jul,
pages = {89–97},
numpages = {9}
}

@article{intel,
  author = {Intel Corporation},
  title = {Intel 64 and IA-32 Architectures Software Developer's Manual, rev. 63},
  month = {October},
  year = {2019},
  url = {https://software.intel.com/en-us/articles/intel-sdm},
}

@article{amd,
  author = {Advanced Micro Devices},
  title = {AMD64 Architecture Programmer's Manual Volume 2: System Programming, rev 3.32},
  month = {October},
  year = {2019},
  url = {https://www.amd.com/system/files/TechDocs/24593.pdf},
}

@inproceedings{btor2,
  author    = {Aina Niemetz and
               Mathias Preiner and
               Clifford Wolf and
               Armin Biere},
  title     = {Btor2 , BtorMC and Boolector 3.0},
  booktitle = {{CAV} {(1)}},
  series    = {Lecture Notes in Computer Science},
  volume    = {10981},
  pages     = {587--595},
  publisher = {Springer},
  year      = {2018}
}
